%-------------------------------------------------------------------------------
%                参考文献
%-------------------------------------------------------------------------------
@inbook{胡伟2011LaTeXe完全学习手册,
    title={\LaTeXe{}~完全学习手册},
    author={胡伟},
    address={北京},
    year={2011},
    pages={363--376},
    publisher={清华大学出版社}
}
