@misc{oetiker1995not,
  title={The not so short introduction to LATEX2$\varepsilon$},
  author={Oetiker, Tobias and Partl, Hubert and Hyna, Irene and Schlegl, Elisabeth},
  year={1995}
}
